@article{Palessandro:2023tee,
    author = "Palessandro, Andrea and Rothman, Tony",
    title = "{A simple derivation of the Gertsenshtein effect}",
    eprint = "2301.02072",
    archivePrefix = "arXiv",
    primaryClass = "gr-qc",
    doi = "10.1016/j.dark.2023.101187",
    journal = "Phys. Dark Univ.",
    volume = "40",
    pages = "101187",
    year = "2023"
}
